@book{foley1996computer,
  title="Computer graphics: principles and practice",
  author="Foley, James D and Van, Foley Dan and Van Dam, Andries and Feiner, Steven K and Hughes, John F and Hughes, J",
  volume="12110",
  year="1996",
  publisher="Addison-Wesley Professional"
}

@misc{WinNT,
  title = {Processamento Gráfico | Programa de Pós-graduação em Sistemas de Informação},
  howpublished = {\url{http://ppgsi.each.usp.br/processamento-grafico/}},
  note = {Accesso em 06/12/2021}
}
  
@article{goto2013identificaccao,
  title={Identifica{\c{c}}{\~a}o de par{\^a}metros de qualidade de impress{\~a}o para a garantia da detec{\c{c}}{\~a}o de estruturas presentes na mamografia digital},
  author={Goto, Rafael Eidi and Pires, Silvio Ricardo and Medeiros, Regina Bitelli},
  journal={Radiologia Brasileira},
  volume={46},
  pages={156--162},
  year={2013},
  publisher={SciELO Brasil}
}